@String(PAMI  = {IEEE TPAMI})
@String(IJCV  = {IJCV})
@String(CVPR  = {CVPR})
@String(ICCV  = {ICCV})
@String(ECCV  = {ECCV})
@String(NIPS  = {NeurIPS})
@String(ICPR  = {ICPR})
@String(BMVC  =	{BMVC})
@String(TOG   = {ACM TOG})
@String(TIP   = {IEEE TIP})
@String(TVCG  = {IEEE TVCG})
@String(TCSVT = {IEEE TCSVT})
@String(TMM   =	{IEEE TMM})
@String(ACMMM = {ACM MM})
@String(ICME  =	{ICME})
@String(ICASSP=	{ICASSP})
@String(ICIP  = {ICIP})
@String(ACCV  = {ACCV})
@String(ICLR  = {ICLR})
@String(IJCAI = {IJCAI})
@String(PR = {PR})
@String(AAAI = {AAAI})
@String(CVPRW= {CVPRW})
@String(CSVT = {IEEE TCSVT})



@String(PAMI = {IEEE Trans. Pattern Anal. Mach. Intell.})
@String(IJCV = {Int. J. Comput. Vis.})
@String(CVPR= {IEEE Conf. Comput. Vis. Pattern Recog.})
@String(ICCV= {Int. Conf. Comput. Vis.})
@String(ECCV= {Eur. Conf. Comput. Vis.})
@String(NIPS= {Adv. Neural Inform. Process. Syst.})
@String(ICPR = {Int. Conf. Pattern Recog.})
@String(BMVC= {Brit. Mach. Vis. Conf.})
@String(TOG= {ACM Trans. Graph.})
@String(TIP  = {IEEE Trans. Image Process.})
@String(TVCG  = {IEEE Trans. Vis. Comput. Graph.})
@String(TMM  = {IEEE Trans. Multimedia})
@String(ACMMM= {ACM Int. Conf. Multimedia})
@String(ICME = {Int. Conf. Multimedia and Expo})
@String(ICASSP=	{ICASSP})
@String(ICIP = {IEEE Int. Conf. Image Process.})
@String(ACCV  = {ACCV})
@String(ICLR = {Int. Conf. Learn. Represent.})
@String(IJCAI = {IJCAI})
@String(PR   = {Pattern Recognition})
@String(AAAI = {AAAI})
@String(CVPRW= {IEEE Conf. Comput. Vis. Pattern Recog. Worksh.})
@String(CSVT = {IEEE Trans. Circuit Syst. Video Technol.})

@String(SPL	= {IEEE Sign. Process. Letters})
@String(VR   = {Vis. Res.})
@String(JOV	 = {J. Vis.})
@String(TVC  = {The Vis. Comput.})
@String(JCST  = {J. Comput. Sci. Tech.})
@String(CGF  = {Comput. Graph. Forum})
@String(CVM = {Computational Visual Media})



@misc{romero,
    author = {Ricardo Alberto Carrillo Romero},
    title = {Generative Adversarial Network for Stock Market price Prediction},
    note = {Stanford University CS230 Final Project},
    year = 2019
}

@article{srivastava,
    author = {Sarvagya Srivastava and Vishwaas Khare and R. Vidhya},
    title = {Economic Forecasting using Generative Adversarial Networks},
    journal = {International Journal of Engineering Research \& Technology},
    volume = 10, 
    number = 5, 
    year = 2021
}

@article{mead,
    author = {Dave Mead and Karen Ransom and Stephen B. Reed and Scott Sager},
    title = {The impact of the COVID-19 pandemic on the food price indexes and data collection},
    journal = {Monthly Labor Review. U.S. Dept. of Labor, Bureau of Labor Statistics},
    month = {August},
    year = 2020
}

@article{kesternich,
    author = {Iris Kesternich and Bettina Siflinger and James P. Smith and Joachim K. Winter},
    title = {The Effects of World War II on Economic and Health Outcomes Across Europe},
    journal = {Institute for the Study of Labor (IZA), Research Paper Series},
    volume  = {},
    number = 6296, 
    year = 2012
}

@article{mouchtaris,
    author = {Dimitrios Mouchtaris and Emmanouil Sofianos and Periklis Gogas and Theophilos Papadimitriou},
    title = {Forecasting Natural Gas Spot Prices with Machine Learning},
    journal = {Energies},
    volume = 14, 
    number = 18, 
    note = {5782},
    year = 2021
}

@INPROCEEDINGS{ali,
    author={Ali, Aliyuda and Ahmed, M. K. and Aliyuda, Kachalla and Bello, Abdulwahab Muhammed},
    booktitle={2021 International Conference on Data Analytics for Business and Industry (ICDABI)},
    title={Deep Neural Network Model for Improving Price Prediction of Natural Gas},
    year={2021},
    volume={},
    number={},
    pages={113-117},
    doi={10.1109/ICDABI53623.2021.9655885}
}

@INPROCEEDINGS{tang,
    author={Tang, Yuanyuan and Wang, Qingmei and Xu, Wei and Wang, Mingming and Wang, Zhaowei},
    booktitle={2019 IEEE International Conference on Big Data (Big Data)},
    title={Natural Gas Price Prediction with Big Data},
    year={2019},
    volume={},
    number={},
    pages={5326-5330},
    doi={10.1109/BigData47090.2019.9006195}
}

@ARTICLE{kumar,
    AUTHOR={Kumar, Praveen and Sihag, Priyanka and Chaturvedi, Pratik and Uday, K.V. and Dutt, Varun},   
    TITLE={BS-LSTM: An Ensemble Recurrent Approach to Forecasting Soil Movements in the Real World},      
    JOURNAL={Frontiers in Earth Science},      
    VOLUME={9},      
    YEAR={2021},      
    URL={https://www.frontiersin.org/article/10.3389/feart.2021.696792},       
    DOI={10.3389/feart.2021.696792},      
    ISSN={2296-6463},   
}

@INPROCEEDINGS{sima,  
    author={Siami-Namini, Sima and Tavakoli, Neda and Namin, Akbar Siami},
    booktitle={2019 IEEE International Conference on Big Data (Big Data)},
    title={The Performance of LSTM and BiLSTM in Forecasting Time Series},
    year={2019},
    volume={},
    number={},
    pages={3285-3292},
    doi={10.1109/BigData47090.2019.9005997}
}

@Article{su,
    AUTHOR = {Su, Moting and Zhang, Zongyi and Zhu, Ye and Zha, Donglan and Wen, Wenying},
    TITLE = {Data Driven Natural Gas Spot Price Prediction Models Using Machine Learning Methods},
    JOURNAL = {Energies},
    VOLUME = {12},
    YEAR = {2019},
    NUMBER = {9},
    ARTICLE-NUMBER = {1680},
    URL = {https://www.mdpi.com/1996-1073/12/9/1680},
    ISSN = {1996-1073},
    DOI = {10.3390/en12091680}
}

@inproceedings{chau,
  author          = {Chau, Minh Triet and Esteves, Diego and Lehmann, Jens},
  booktitle       = {CLEOPATRA 2020, Cross-lingual Event-centric Open Analytics},
  title           = {A Neural-based model to Predict the Future Natural Gas
    Market Price through Open-domain Event Extraction},
  year            = {2020},
  URL             = {CEUR-WS.org/Vol-2611/paper2.pdf}
}

@article{choi,
  author          = {Choi, Jae Young and Lee, Bumshik},
  journal         = {Mathematical Problems in Engineering},
  title           = {Combining LSTM Network Ensemble via Adaptive Weighting for Improved Time Series Forecasting},
  year            = {2018},
  DOI             = {10.1155/2018/2470171}
}

@INPROCEEDINGS{wang,
  author={Wang, Yupeng and Zhu, Shibing and Li, Changqing},
  booktitle={2019 3rd International Conference on Electronic Information Technology and Computer Engineering (EITCE)}, 
  title={Research on Multistep Time Series Prediction Based on LSTM}, 
  year={2019},
  volume={},
  number={},
  pages={1155-1159},
  doi={10.1109/EITCE47263.2019.9095044}
}